@book{HLMMfIS,
  author  = {Pedro Isaias and Tomayess Issa},
  title   = {High Level Models and Methodologies for Information Systems},
  year    = {2014},
  pages   = {4--6},
  sortkey = {01}
}
@online{unity-doc,
  author  = {{Unity Technologies}},
  title   = {Unity Documentation},
  year    = {2023},
  url     = {https://docs.unity3d.com/},
  sortkey = {02}
}
@online{java-doc,
  author  = {{Oracle Corporation}},
  title   = {Java Documentation},
  year    = {2023},
  url     = {https://docs.oracle.com/en/java/},
  sortkey = {03}
}

@online{csharp-doc,
  author  = {{Microsoft Corporation}},
  title   = {C\# Language Reference},
  year    = {2023},
  url     = {https://docs.microsoft.com/en-us/dotnet/csharp/},
  sortkey = {04}
}
@online{cpp-doc,
  author  = {{The C++ Standards Committee}},
  title   = {C++ Standard Library Reference},
  year    = {2023},
  url     = {https://en.cppreference.com/w/},
  sortkey = {05}
}

